% (APA 6.11)
@BOOK{6.11,
  AUTHOR         = {Kessler, Jr., A},
  TITLE          = {Title},
  YEAR           = {2003},
  KEYWORDS       = {noinclude}
}

% (APA 6.12)
@BOOK{6.12a,
  AUTHOR         = {A. Smith and B. Jones},
  TITLE          = {Title},
  YEAR           = {2007},
  KEYWORDS       = {noinclude}
}

@BOOK{6.12b,
  AUTHOR         = {A. Kisangau and B. Lyaruu and C. Hosea and D. Joseph},
  TITLE          = {Title},
  YEAR           = {2007},
  KEYWORDS       = {noinclude}
}

@BOOK{6.12c,
  AUTHOR         = {A. Ireys and B. Chernoff and C. DeVet and D. Kim},
  TITLE          = {Title},
  YEAR           = {2001},
  KEYWORDS       = {noinclude}
}

@BOOK{6.12d,
  AUTHOR         = {A. Ireys and B. Chernoff and E. Stein and C. DeVet and F. Silver},
  TITLE          = {Title},
  YEAR           = {2001},
  KEYWORDS       = {noinclude}
}

@BOOK{6.12e,
  AUTHOR         = {A. Kurtines and B. Szapocznik},
  TITLE          = {Title},
  YEAR           = {2003},
  KEYWORDS       = {noinclude}
}

@BOOK{6.12f,
  AUTHOR         = {A. Jöreskog and B. Sörbon},
  TITLE          = {Title},
  YEAR           = {2007},
  KEYWORDS       = {noinclude}
}

@BOOK{6.12g,
  AUTHOR         = {A. Kosslyn and B. Koenig and C. Barrett and D. Cave and E. Tang and F. Gabrieli},
  TITLE          = {Title},
  YEAR           = {1996},
  KEYWORDS       = {noinclude}
}

@BOOK{6.12h,
  AUTHOR         = {A. Kosslyn and B. Koenig and F. Gabrieli and E. Tang and G. Marsolek and H. Daly},
  TITLE          = {Title},
  YEAR           = {1996},
  KEYWORDS       = {noinclude}
}

% (APA 6.13)
@BOOK{6.13a,
  AUTHOR         = {A. Walker},
  TITLE          = {Title},
  YEAR           = {2007},
  KEYWORDS       = {noinclude}
}

@BOOK{6.13b,
  AUTHOR         = {A. Walker and B. Allen},
  TITLE          = {Title},
  YEAR           = {2004},
  KEYWORDS       = {noinclude}
}

@BOOK{6.13c,
  AUTHOR         = {A. Bradley and B. Ramirez and C. Soo},
  TITLE          = {Title},
  YEAR           = {1999},
  KEYWORDS       = {noinclude}
}

@BOOK{6.13d,
  AUTHOR         = {A. Bradley and B. Ramirez and C. Soo and D. Walsh},
  TITLE          = {Title},
  YEAR           = {2006},
  KEYWORDS       = {noinclude}
}

@BOOK{6.13e,
  AUTHOR         = {A. Walker and B. Allen and C. Bradley and D. Ramirez and E. Soo},
  TITLE          = {Title},
  YEAR           = {2008},
  KEYWORDS       = {noinclude}
}

@BOOK{6.13f,
  AUTHOR         = {Z. Wasserstein and A. Walker and B. Allen and C. Bradley and D. Ramirez and E. Soo},
  TITLE          = {Title},
  YEAR           = {2005},
  KEYWORDS       = {noinclude}
}

@BOOK{6.13g,
  AUTHOR         = {{National Institute of Mental Health}},
  SHORTAUTHOR    = {NIMH},
  TITLE          = {Title},
  YEAR           = {2003},
  KEYWORDS       = {noinclude}
}

@BOOK{6.13h,
  AUTHOR         = {{University of Pittsburgh}},
  TITLE          = {Title},
  YEAR           = {2005},
  KEYWORDS       = {noinclude}
}

% (APA 6.14)
% The second example from this section is repeated in the APA manual in section 7.01
% and the bib entry for that example is given below
% The second entry below is a dummy to show the initials disambiguation in the examples
% text. Disambiguation only works on single names, hence the dummy entry to force
% disambiguation.
@BOOK{6.14,
  AUTHOR         = {I. Light},
  TITLE          = {Deflecting Immigration},
  SUBTITLE       = {Networks, Markets, and regulation in Los Angeles},
  YEAR           = {2006},
  LOCATION       = {New York, NY},
  PUBLISHER      = {Russell Sage Foundation},
  KEYWORDS       = {noinclude}
}

@BOOK{6.14a,
  AUTHOR         = {D. Light},
  TITLE          = {Some title},
  YEAR           = {2009},
  KEYWORDS       = {noinclude}
}

% (APA 6.15)
@ARTICLE{6.15a,
  TITLE          = {Study Finds Something Interesting},
  SHORTTITLE     = {Study Finds},
  YEAR           = {2007},
  KEYWORDS       = {noinclude}
}

@BOOK{6.15b,
  TITLE          = {College Bound Seniors},
  YEAR           = {2008},
  KEYWORDS       = {noinclude}
}

@BOOK{6.15c,
  AUTHOR         = {Anonymous},
  TITLE          = {Title},
  YEAR           = {1998},
  KEYWORDS       = {noinclude}
}

% (APA 6.16)
@BOOK{6.16a,
  AUTHOR         = {{Department of Veterans Affairs}},
  TITLE          = {Title1},
  YEAR           = {2001},
  KEYWORDS       = {noinclude}
}

@BOOK{6.16b,
  AUTHOR         = {{Department of Veterans Affairs}},
  TITLE          = {Title1},
  YEAR           = {2003},
  KEYWORDS       = {noinclude}
}

@BOOK{6.16c,
  AUTHOR         = {A. Gogel},
  TITLE          = {Title1},
  YEAR           = {1990},
  KEYWORDS       = {noinclude}
}

@BOOK{6.16d,
  AUTHOR         = {A. Gogel},
  TITLE          = {Title2},
  YEAR           = {2006},
  KEYWORDS       = {noinclude}
}

@BOOK{6.16e,
  AUTHOR         = {A. Gogel},
  TITLE          = {Title3},
  YEAR           = {in press},
  KEYWORDS       = {noinclude}
}

@BOOK{6.16f,
  AUTHOR         = {A. Derryberry and B. Reed},
  TITLE          = {Title1},
  YEAR           = {2005},
  KEYWORDS       = {noinclude}
}

@BOOK{6.16g,
  AUTHOR         = {A. Derryberry and B. Reed},
  TITLE          = {Title2},
  YEAR           = {2005},
  KEYWORDS       = {noinclude}
}

@BOOK{6.16h,
  AUTHOR         = {A. Derryberry and B. Reed},
  TITLE          = {Title3},
  YEAR           = {in press},
  KEYWORDS       = {noinclude}
}

@BOOK{6.16i,
  AUTHOR         = {A. Rothbart},
  TITLE          = {Title1},
  YEAR           = {2003},
  KEYWORDS       = {noinclude}
}

@BOOK{6.16j,
  AUTHOR         = {A. Rothbart},
  TITLE          = {Title2},
  YEAR           = {2003},
  KEYWORDS       = {noinclude}
}

@BOOK{6.16k,
  AUTHOR         = {A. Miller},
  TITLE          = {Title},
  YEAR           = {1999},
  KEYWORDS       = {noinclude}
}

@BOOK{6.16l,
  AUTHOR         = {A. Shafrankse and B. Mahoney},
  TITLE          = {Title},
  YEAR           = {1998},
  KEYWORDS       = {noinclude}
}

@BOOK{6.16m,
  AUTHOR         = {A. Minor},
  TITLE          = {Title},
  YEAR           = {2001},
  KEYWORDS       = {noinclude}
}

@BOOK{6.16n,
  AUTHOR         = {A. Adams},
  TITLE          = {Title},
  YEAR           = {1999},
  KEYWORDS       = {noinclude}
}

@BOOK{6.16o,
  AUTHOR         = {A. Storandt},
  TITLE          = {Title},
  YEAR           = {2007},
  KEYWORDS       = {noinclude}
}

% (APA 6.17)
@BOOK{6.17,
  AUTHOR         = {A. Nicholson},
  TITLE          = {Title},
  YEAR           = {2003},
  KEYWORDS       = {noinclude}
}

% (APA 6.18)
@BOOK{6.18a,
  AUTHOR         = {Aristotle},
  TITLE          = {Ethics},
  TRANSLATOR     = {S. Translator},
  YEAR           = {1931},
  KEYWORDS       = {noinclude}
}

@BOOK{6.18b,
  AUTHOR         = {H. James},
  TITLE          = {Novel},
  ORIGDATE       = {1890},
  YEAR           = {1983},
  KEYWORDS       = {noinclude}
}

% Last two examples need no references entry

% (APA 6.19)
@BOOK{6.19a,
  AUTHOR         = {{Centers for Disease Control and Prevention}},
  TITLE          = {Title},
  YEAR           = {2005},
  KEYWORDS       = {noinclude}
}

@BOOK{6.19b,
  AUTHOR         = {A. Shimamura},
  TITLE          = {Title},
  YEAR           = {1989},
  KEYWORDS       = {noinclude}
}

% (APA 6.20) - No examples need references entry

% (APA 6.21)
@BOOK{6.21,
  AUTHOR         = {{U.S. Department of Labor}},
  TITLE          = {Title},
  YEAR           = {2007},
  KEYWORDS       = {noinclude}
}
