% (APA 10.1 Example 1)
% Note that the URL is suppressed if there is a DOI
@ARTICLE{10.1:1,
  AUTHOR         = {S. M. McCauley and M. H. Christiansen},
  TITLE          = {Language Learning as Language Use},
  SUBTITLE       = {A Cross-linguistic Model of Child Language Development},
  JOURNALTITLE   = {Psychological Review},
  VOLUME         = {126},
  NUMBER         = {1},
  PAGES          = {1--51},
  DATE           = {2019},
  DOI            = {10.1037/rev0000126},
  URL            = {http://some.url}
}

% (APA 10.1 Example 2)
@ARTICLE{10.1:2,
  AUTHOR         = {E. Ahmann and L. J. Tuttle and M. Saviet and S. D. Wright},
  TITLE          = {A Descriptive Review of {ADHD} Coaching Research},
  SUBTITLE       = {Implications for College Students},
  JOURNALTITLE   = {Journal of Postsecondary Education and Disability},
  VOLUME         = {31},
  NUMBER         = {1},
  PAGES          = {17--39},
  DATE           = {2018},
  URL            = {https://www.ahead.org/professional-resources/publications/jped/archived-jped/jped-volume-31}
}

% (APA 10.1 Example 3)
@ARTICLE{10.1:3a,
  AUTHOR         = {M. Anderson},
  TITLE          = {Getting Consistent with Consequences},
  JOURNALTITLE   = {Educational Leadership},
  VOLUME         = {76},
  NUMBER         = {1},
  PAGES          = {26-33},
  DATE           = {2018}
}

@NEWSARTICLE{10.1:3b,
  AUTHOR         = {C. Goldman},
  TITLE          = {The Complicated Calibration of Love, Especially in Adoption},
  NEWSPAPER      = {Chicago Tribune},
  DATE           = {2018-11-28}
}

% (APA 10.1 Example 4)
@ARTICLE{10.1:4,
  AUTHOR         = {E. Kalnay and M. Kanamitsu and R. Kistler and W.
                    Collins and D. Deaven and L. Gandin and M. Iredell and S.
                    Saha and G. White and J. Wollen and Y. Zhu and M.
                    Chelliah and W. Ebisuzaki and W. Higgins and J. Janowiak
                    and K. C. Mo and C. Ropelewski and J. Wang and A. Leetma
                    and A. Aaron and B. Baron C. Court and D. Joseph},
  TITLE          = {The {NCEP/NCAR} 40-year Reanalysis Project},
  JOURNALTITLE   = {Bulletin of the American Meteorological Society},
  VOLUME         = {77},
  NUMBER         = {3},
  PAGES          = {437--471},
  DATE           = {1996},
  DOI            = {fg6rf9}
}

% (APA 10.1 Example 5)
% Use AUTHOR for mixed people/group author lists as special formatting is only
% specified for group author lists (APA 9.8)
@ARTICLE{10.1:5,
  AUTHOR         = {De Vries, R. and M. Nieuwenhuijze and S. E. Buitendijk
                    and {the members of Midwifery Science Work Group}},
  TITLE          = {What Does It Take To Have a Strong and Independent Profession of Midwifery? {L}essons From the {N}etherlands},
  JOURNALTITLE   = {Midwifery},
  VOLUME         = {29},
  NUMBER         = {10},
  PAGES          = {1122--1128},
  DATE           = {2013},
  DOI            = {10.1016/j.midw.2013.07.007}
}

% (APA 10.1 Example 6)
@ARTICLE{10.1:6,
  AUTHOR         = {D. Burin and K. Kilteni and M. Rabuffetti and M. Slater and L. Pia},
  TITLE          = {Body Ownership Increases the Interference Between
                    Observed and Executed Movements},
  JOURNALTITLE   = {{PLOS ONE}},
  VOLUME         = {14},
  NUMBER         = {1},
  DATE           = {2019},
  EPRINTTYPE     = {article},
  EPRINT         = {e0209899},
  DOI            = {10.1371/journal.pone.0209899}
}

% (APA 10.1 Example 7)
@ARTICLE{10.1:7,
  AUTHOR         = {S. M. Huestegge and T. Raettig and L. Huestegge},
  TITLE          = {Are Face-incongruent Voices Harder to Process? {E}ffects
                    of Face-Voice Gender Incongruity on Basic Cognitive
                    Information Processing},
  JOURNALTITLE   = {Experimental Psychology},
  NOTE           = {Advance online publication},
  DATE           = {2019},
  DOI            = {10.1027/1618-3169/a000440}
}

% (APA 10.1 Example 8)
@ARTICLE{10.1:8,
  PUBSTATE       = {inpress},
  AUTHOR         = {T. Pachur and B. Scheibehenne},
  TITLE          = {Unpacking Buyer-Seller Differences in Valuation from Experience},
  SUBTITLE       = {A Cognitive Modeling Approach},
  JOURNALTITLE   = {Psychonomic Bulletin \& Review}
}

% (APA 10.1 Example 9)
@ARTICLE{10.1:9,
  AUTHOR         = {V. Chaves-Morillo and C. Gómez Calero and J. J.
                    Fernández-Muñoz and A. Toledano-Muñoz and J.
                    Fernández-Heute and N. Martinez-Monge and D.
                    Palacios-Ceña and C. Peñacoba-Puente},
  ORIGTITLE      = {La anosmia neurosensorial: Relación entre subtipo, tiempo de reconocimiento y edad},
  TITLE          = {Sensorineural Anosmia},
  SUBTITLE       = {Relationship Between Subtype, Recognition Time, and Age},
  JOURNALTITLE   = {Clínica y Salud},
  VOLUME         = {28},
  NUMBER         = {3},
  PAGES          = {155--161},
  DATE           = {2018},
  DOI            = {10.1016/j.clysa.2017.04.002}
}

% (APA 10.1 Example 10)
@ARTICLE{10.1:10,
  AUTHOR         = {J. Piaget},
  TRANSLATOR     = {J. Bliss and H. Furth},
  TITLE          = {Intellectual Evolution from Adolescence to Adulthood},
  JOURNALTITLE   = {Human Development},
  VOLUME         = {15},
  NUMBER         = {1},
  PAGES          = {1--12},
  DATE           = {1972},
  ORIGDATE       = {1970},
  DOI            = {10.1159/00027/1225}
}

% (APA 10.1 Example 11)
@ARTICLE{10.1:11,
  AUTHOR         = {M. F. Shore},
  TITLE          = {Marking Time in the Land Of Plenty},
  SUBTITLE       = {Reflections on Mental Health in the {U}nited {S}tates},
  JOURNALTITLE   = {American Journal of Orthopsychiatry},
  VOLUME         = {84},
  NUMBER         = {6},
  PAGES          = {611--618},
  DATE           = {2014},
  DOI            = {10.1037/h0100165},
  RELATED        = {10.1:11r},
  RELATEDTYPE    = {reprintfrom}
}

@ARTICLE{10.1:11r,
  TITLE          = {Marking Time in the Land Of Plenty},
  SUBTITLE       = {Reflections on Mental Health in the {U}nited {S}tates},
  JOURNALTITLE   = {American Journal of Orthopsychiatry},
  VOLUME         = {51},
  NUMBER         = {3},
  PAGES          = {391--402},
  DATE           = {1981},
  DOI            = {10.1111/j.1939-0025.1981.tb01388.x}
}

% (APA 10.1 Example 12)
@PERIODICAL{10.1:12a,
  EDITOR         = {S. O. Lilienfeld},
  TITLE          = {Heterodox Issues in Psychology},
  ISSUETITLE     = {Special section},
  JOURNALTITLE   = {Archives of Scientific Psychology},
  VOLUME         = {6},
  NUMBER         = {1},
  PAGES          = {51--104},
  DATE           = {2018}
}

@PERIODICAL{10.1:12b,
  EDITOR         = {S. H. McDaniel and E. Salas and A. E. Kazak},
  TITLE          = {The Science of Teamwork},
  ISSUETITLE     = {Special issue},
  JOURNALTITLE   = {American Psychologist},
  VOLUME         = {73},
  NUMBER         = {4},
  DATE           = {2018}
}

% (APA 10.1 Example 13)
@ARTICLE{10.1:13,
  AUTHOR         = {J. Mehrholz and M. Pohl and T. Platz and J. Kugler and B. Elsner},
  TITLE          = {Electromechanical and Robot-Assisted Arm Training for
                    Improving Activities of Daily Living, Arm Function, and
                    Arm Muscle Strength After Stroke},
  JOURNALTITLE   = {Cochrane Database of Systematic Reviews},
  DATE           = {2018},
  DOI            = {10.1002/14651858.CD00687.pub5}
}

% (APA 10.1 Example 14)
@ARTICLE{10.1:14,
  AUTHOR         = {M. C. Morey},
  TITLE          = {Physical Activity and Exercise in Older Adults},
  JOURNALTITLE   = {{UpToDate}},
  DATE           = {2019},
  URLDATE        = {2019-07-22},
  URL            = {https://www.uptodate.com/contents/physical-activity-and-exercise-in-older-adults}
}

% (APA 10.1 Example 15)
% Note use of ENTRYSUBTYPE to indicate non-academic magazine so that dates
% are formatted correctly
@ARTICLE{10.1:15a,
  ENTRYSUBTYPE   = {nonacademic},
  AUTHOR         = {S. Bergeson},
  TITLE          = {Really Cool Neutral Plasmas},
  JOURNALTITLE   = {Science},
  VOLUME         = {363},
  NUMBER         = {6422},
  PAGES          = {33--34},
  DATE           = {2019-01-04},
  DOI            = {10.1126/science.aau7988}
}

@ARTICLE{10.1:15b,
  ENTRYSUBTYPE   = {nonacademic},
  AUTHOR         = {M. Bustillos},
  TITLE          = {On Video Games and Storytelling},
  SUBTITLE       = {An Interview with {T}om {B}issell},
  JOURNALTITLE   = {The New Yorker},
  DATE           = {2013-03-19},
  URL            = {https://www.newyorker.com/books/page-turner/on-video-games-and-storytelling-an-interview-with-tom-bissell}
}

@ARTICLE{10.1:15c,
  ENTRYSUBTYPE   = {nonacademic},
  AUTHOR         = {K. Wier},
  TITLE          = {Forgiveness Can Improve Mental and Physical Health},
  JOURNALTITLE   = {Monitor on Psychology},
  VOLUME         = {48},
  NUMBER         = {1},
  PAGES          = {30},
  DATE           = {2017-01}
}

% (APA 10.1 Example 16)
@NEWSARTICLE{10.1:16a,
  AUTHOR         = {B. Guarino},
  TITLE          = {How Will Humanity React to Alien Life? {P}sychologists Have Some Predictions},
  NEWSPAPER      = {The Washington Post},
  DATE           = {2017-12-04},
  URL            = {https://www.washingtonpost.com/news/speaking-of-science/wp/2017/12/04/how-will-humanity-react-to-alien-life-psychologists-have-some-predictions}
}

@NEWSARTICLE{10.1:16b,
  AUTHOR         = {A. Hess},
  TITLE          = {Cats Who Take Direction},
  NEWSPAPER      = {The New York Times},
  DATE           = {2019-01-03},
  PAGES          = {C1}
}

% (APA 10.1 Example 17)
@ONLINE{10.1:17,
  AUTHOR         = {M. Klymkowsky},
  TITLE          = {Can We Talk Scientifically About Free Will?},
  ORGANIZATION   = {Sci-Ed},
  DATE           = {2018-09-15},
  URL            = {https://blogs.plos.org/scied/2018/09/15/can-we-talk-scientifically-about-free-will/},
}

% (APA 10.1 Example 18)
@NEWSARTICLE{10.1:18,
  AUTHOR         = {{KS in NJ}},
  TITLE          = {From this article, it sounds like men are figuring
                    something out that women have known forever. {I} know of many},
  TITLEADDON     = {Comment on the article ``{H}ow workout buddies can help
                    stave off loneliness''},
  NEWSPAPER      = {The Washington Post},
  DATE           = {2019-01-15},
  URL            = {https://wapo.st/2HDToGJ}
}

% (APA 10.1 Example 19)
@ARTICLE{10.1:19,
  AUTHOR         = {N. G. Cuellar},
  TITLE          = {Study Abroad Programs},
  TITLEADDON     = {Editorial},
  JOURNALTITLE   = {Journal of Transcultural Nursing},
  VOLUME         = {27},
  NUMBER         = {3},
  PAGES          = {209},
  DATE           = {2016},
  DOI            = {10.1177/1043659616638722}
}

% (APA 10.2 Example 20)
@BOOK{10.2:20,
  AUTHOR         = {L. S. Brown},
  TITLE          = {Feminist Therapy},
  EDITION        = {2},
  PUBLISHER      = {American Psychological Association},
  DATE           = {2018},
  DOI            = {10.1037/0000092-000}
}

% (APA 10.2 Example 21)
@BOOK{10.2:21,
  AUTHOR         = {R. Burgess},
  TITLE          = {Rethinking Global Health},
  SUBTITLE       = {Frameworks of Power},
  PUBLISHER      = {Routledge},
  DATE           = {2019}
}

% (APA 10.2 Example 22)
@BOOK{10.2:22a,
  AUTHOR         = {S. Cain},
  NARRATOR       = {K. Mazur},
  TITLE          = {Quiet},
  SUBTITLE       = {The Power of Introverts in a World that Can't Stop Talking},
  PUBLISHER      = {Random House Audio},
  DATE           = {2012},
  URL            = {http://bit.ly/2GOBpbl}
}

@BOOK{10.2:22b,
  AUTHOR         = {B. Christian and T. Griffiths},
  TITLE          = {Algorithms to Live By},
  SUBTITLE       = {The Computer Science of Human Decisions},
  PUBLISHER      = {Henry Holt and Co.},
  DATE           = {2016},
  URL            = {http://a.co/7qGBZAk}
}

% (APA 10.2 Example 23)
@BOOK{10.2:23,
  AUTHOR         = {D. H. Meadows},
  EDITOR         = {D. Wright},
  TITLE          = {Thinking in Systems},
  SUBTITLE       = {A Primer},
  PUBLISHER      = {Chelsea Green Publishing},
  DATE           = {2008}
}

% (APA 10.2 Example 24)
@BOOK{10.2:24,
  EDITOR         = {Schmid, Henry-James},
  TITLE          = {Entrenchment and the Psychology of Language Learning},
  SUBTITLE       = {How we Reorganize and Adapt Linguistic Knowledge},
  PUBLISHER      = {American Psychological Association and De Gruyter Mouton},
  DATE           = {2017},
  DOI            = {10.1037/15969-000}
}

% (APA 10.2 Example 25)
@BOOK{10.2:25,
  EDITOR         = {Hacker Hughes, J.},
  TITLE          = {Military Veteran Psychological Health and Social Care},
  SUBTITLE       = {Contemporary Approaches},
  PUBLISHER      = {Routledge},
  DATE           = {2017}
}

% (APA 10.2 Example 26)
@BOOK{10.2:26,
  EDITOR         = {K. F. Pridham and R. Limbo and M. Schroeder},
  TITLE          = {Guided Participation in Pediatric Nursing Practice},
  SUBTITLE       = {Relationship-based Teaching and Learning with Parents, Children and Adolescents},
  PUBLISHER      = {Springer Publishing Company},
  DATE           = {2018},
  URL            = {http://a.co/0IAiVgt}
}

% (APA 10.2 Example 27)
@BOOK{10.2:27a,
  AUTHOR         = {N. Amano and H. Kondo},
  TITLE          = {Lexical Characteristics of Japanese Language},
  ORIGTITLE      = {Nihongo no goi tokusei},
  PUBLISHER      = {Sansei-do},
  VOLUMES        = {7},
  DATE           = {2000}
}

@BOOK{10.2:27b,
  AUTHOR         = {J. Piaget and B. Inhelder},
  TITLE          = {The Psychology of the Child},
  ORIGTITLE      = {La psychologie de l'enfant},
  PUBLISHER      = {Quadrige},
  DATE           = {1966}
}

% (APA 10.2 Example 28)
@BOOK{10.2:28,
  AUTHOR         = {J. Piaget and B. Inhelder},
  TRANSLATOR     = {H. Weaver},
  EDITION        = {2},
  TITLE          = {The Psychology of the Child},
  PUBLISHER      = {Basic Books},
  DATE           = {1969},
  ORIGDATE       = {1966}
}

% (APA 10.2 Example 29)
@BOOK{10.2:29a,
  AUTHOR         = {S. Freud},
  EDITOR         = {J. Strachey},
  TRANSLATOR     = {J. Strachey},
  TITLE          = {The Interpretation of Dreams},
  SUBTITLE       = {The Complete and Definitive Text},
  PUBLISHER      = {Basic Books},
  DATE           = {2010},
  ORIGDATE       = {1900}
}

@BOOK{10.2:29b,
  AUTHOR         = {J. K. Rowling},
  NARRATOR       = {J. Dale},
  TITLE          = {Harry Potter and the Sorceror's Stone},
  TITLEADDON     = {Audiobook},
  PUBLISHER      = {Pottermore Publishing},
  DATE           = {2015},
  ORIGDATE       = {1997},
  URL            = {http://bit.ly/2TcHchx}
}

% (APA 10.2 Example 30)
@BOOK{10.2:30a,
  AUTHOR         = {S. T. Fiske and D. T. Gilbert and G. Lindzey},
  EDITOR         = {J. Strachey},
  TRANSLATOR     = {J. Strachey},
  TITLE          = {Handbook of Social Psychology},
  PUBLISHER      = {John Wiley \& Sons},
  EDITION        = {5},
  VOLUMES        = {1},
  DATE           = {2010}
}

@BOOK{10.2:30b,
  EDITOR         = {C. B. Travis and J. W. White},
  TITLE          = {{APA} Handbook of the Psychology of Women},
  SUBTITLE       = {Vol. 1. History, theory, and Battlegrounds},
  PUBLISHER      = {American Psychological Association},
  DATE           = {2018},
  DOI            = {10.1037/0000059-000}
}

% (APA 10.2 Example 31)
@BOOK{10.2:31,
  AUTHOR         = {S. Madigan},
  TITLE          = {Narrative Therapy},
  PUBLISHER      = {American Psychological Association},
  SERIES         = {Theories of Psychotherapy Series},
  EDITION        = {2},
  DATE           = {2019},
  DOI            = {10.1037/00000131-000}
}

% (APA 10.2 Example 32)
@BOOK{10.2:32a,
  GROUPAUTHOR    = {{American Psychiatric Association}},
  TITLE          = {Diagnostic and Statistical Manual of Mental Disorders},
  SHORTTITLE     = {DSM-5},
  EDITION        = {5},
  DATE           = {2013},
  DOI            = {10.1176/appi.books.9780890425596}
}

@BOOK{10.2:32b,
  GROUPAUTHOR    = {{World Health Organization}},
  TITLE          = {International Statistical Classification of Diseases and Related Health Problems},
  SHORTTITLE     = {ICD-11},
  EDITION        = {11},
  DATE           = {2019},
  DOI            = {10.1176/appi.books.9780890425596}
}

% (APA 10.2 Example 33)
@BOOK{10.2:33a,
  GROUPAUTHOR    = {{American Psychological Association}},
  TITLE          = {{APA} Dictionary of Psychology},
  URL            = {https://dictionary.apa.org/},
  URLDATE        = {2019-06-14}
}

@BOOK{10.2:33b,
  GROUPAUTHOR    = {{Merriam-Webster}},
  TITLE          = {{M}erriam-{W}ebster.com Dictionary},
  URL            = {https://www.merriam-webster.com/},
  URLDATE        = {2019-05-05}
}

@BOOK{10.2:33c,
  EDITOR         = {E. N. Zalta},
  TITLE          = {The {S}tanford Encyclopedia of Philosophy},
  EDITION        = {Summer 2019 ed.},
  URL            = {https://plato.stanford.edu/archives/sum2019/},
  DATE           = {2019}
}

% (APA 10.2 Example 34)
@BOOK{10.2:34,
  EDITOR         = {M. Gold},
  TITLE          = {The Complete Social Scientist},
  SUBTITLE       = {A {K}urt {L}etwin Reader},
  PUBLISHER      = {American Psychological Association},
  DOI            = {10.1037/10319-000}
}

% (APA 10.2 Example 35)
@BOOK{10.2:35a,
  TITLE           = {{K}ing {J}ames {B}ible},
  DATE            = {2017},
  ORIGDATE        = {1769},
  URLDESCRIPTION  = {King James Bible Online}
  URL             = {https://www.kingjamesbibleonline.org/}
}

@BOOK{10.2:35b,
  TITLE          = {The {Q}ur'an},
  TRANSLATOR     = {Abdel Haleem, M. A. S.},
  PUBLISHER      = {Oxford University Press},
  DATE           = {2004}
}

@BOOK{10.2:35c,
  TITLE          = {{T}he {T}orah},
  SUBTITLE       = {The Five Books of {M}oses},
  EDITION        = {3},
  PUBLISHER      = {The Jewish Publication Society},
  DATE           = {2015},
  ORIGDATE       = {1962}
}

% (APA 10.2 Example 36)
@BOOK{10.2:36,
  AUTHOR         = {Aristotle},
  TRANSLATOR     = {S. H. Butcher},
  TITLE          = {Poetics},
  DATE           = {1994},
  ORIGDATE       = {-0349~},
  URLDESCRIPTION = {The Internet Classics Archive}
  URL            = {http://classics.mit.edu/Aristotle/poetics.html}
}

% (APA 10.2 Example 37)
@BOOK{10.2:37,
  AUTHOR         = {W. Shakespeare},
  EDITOR         = {B. A. Mowat and P. Werstine},
  TITLE          = {Much Ado About Nothing},
  PUBLISHER      = {Washington Square Press},
  DATE           = {1995},
  ORIGDATE       = {1623}
}


% (APA 7.01 Example 17)
% Such unstructured abstract information uses the ABSTRACTLOC field
% If the abstract/article was retreived from a standard online URI, things are little
% better defined - see examples 7.01:16*).
@ARTICLE{7.01:17,
  AUTHOR         = {L. R. Hare and K. O'Neill},
  TITLE          = {Effectiveness and Efficiency in Small Academic Peer Groups},
  JOURNALTITLE   = {Small Group Research},
  VOLUME         = {31},
  PAGES          = {24--53},
  DATE           = {2000},
  ABSTRACTLOC    = {{S}ociological {A}bstracts database. (Accession No. 200010185)}
}

% (APA 7.02 Example 18)
@BOOK{7.02:18,
  AUTHOR         = {M. A. Shotton},
  TITLE          = {Computer Addiction? {A} Study of Computer Dependency},
  LOCATION       = {London, England},
  PUBLISHER      = {Taylor \& Francis},
  DATE           = {1989}
}

% (APA 7.02 Example 19)
% Note the different year to the actual example to stop bibaltex generating extrayear
% since the APA examples pretend each example is effectively an entry from a
% different bibliography
@BOOK{7.02:19a,
  AUTHOR         = {M. A. Shotton},
  TITLE          = {Computer Addiction? A Study of Computer Dependency},
  TITLEADDON     = {{DX} {R}eader version},
  DATE           = {1990},
  URL            = {http://www.ebbokstore.tandf.co.uk/html/index.asp}
}

@BOOK{7.02:19b,
  AUTHOR         = {G. R. Schiraldi},
  TITLE          = {The Post-traumatic Stress Disorder Sourcebook},
  SUBTITLE       = {A Guide to Healing, Recovery, and Growth},
  TITLEADDON     = {{A}dobe {D}igital {E}ditions version},
  DATE           = {2001},
  DOI            = {10.1036/0071393722}
}

% (APA 7.02 Example 20)
@BOOK{7.02:20,
  AUTHOR         = {E. O'Keefe},
  TITLE          = {Egoism \& the Crisis in {W}estern Values},
  URL            = {http://www.onlineoriginals.com/showitem.asp?itemID=135}
}

% (APA 7.02 Example 21)
% NOTE is automatically generated from ORIGDATE
@INBOOK{7.02:21,
  AUTHOR         = {S. Freud},
  EDITOR         = {J. Strachey},
  TRANSLATOR     = {J. Strachey},
  TITLE          = {The Method of Interpreting Dreams},
  BOOKTITLE      = {The Standard Edition of the Complete Psychological Works of {S}igmund {F}reud},
  VOLUME         = {4},
  PAGES          = {96--121},
  SUBTITLE       = {An Analysis of a Specimen Dream},
  DATE           = {1953},
  ORIGDATE       = {1900},
  URL            = {http://books.google.com/books},
}

% (APA 7.02 Example 22)
@BOOK{7.02:22,
  EDITOR         = {N. Thomas},
  TITLE          = {Perspectives on the Community College},
  SUBTITLE       = {A Journey of Discovery},
  TITLEADDON     = {Monograph},
  DATE           = {2002},
  URL            = {http://eric.ed.gov/}
}

% (APA 7.02 Example 23)
@BOOK{7.02:23,
  EDITOR         = {S. Koch},
  TITLE          = {Psychology},
  SUBTITLE       = {A Study of Science},
  VOLUMES        = {1--6},
  LOCATION       = {New York, NY},
  PUBLISHER      = {McGraw-Hill},
  DATE           = {1959/1963}
}

% (APA 7.02 Example 24)
@INBOOK{7.02:24,
  AUTHOR         = {Strong, Jr., E. K. and R. S. Uhrbrock},
  EDITORA        = {L. Outhwaite},
  EDITORATYPE    = {series},
  TITLE          = {Bibliography in Job Analysis},
  BOOKTITLE      = {Personnel {R}esearch {S}eries},
  BOOKSUBTITLE   = {Vol. 1. {J}ob Analysis and the Curriculum},
  PAGES          = {140--146},
  DATE           = {1923},
  DOI            = {10.1037/10762-000}
}

% (APA 7.02 Example 25)
@INBOOK{7.02:25,
  AUTHOR         = {D. M. Haybron},
  EDITOR         = {M. Eid and R. J. Larsen},
  TITLE          = {Philosophy and the Science of Subjective Well-Being},
  BOOKTITLE      = {The Science of Subjective Well-Being},
  LOCATION       = {New York, NY},
  PUBLISHER      = {Guildford Press},
  PAGES          = {17-43},
  DATE           = {2008},
}

% (APA 7.02 Example 26)
@INBOOK{7.02:26,
  AUTHOR         = {J. Piaget},
  EDITOR         = {K. Richardson and S. Sheldon},
  TRANSLATOR     = {G. Gellerier and J. Langer},
  TITLE          = {Extracts From {P}iaget's Theory},
  BOOKTITLE      = {Cognitive Development to Adolescence},
  BOOKSUBTITLE   = {A Reader},
  PAGES          = {3--18},
  LOCATION       = {Hillsdale, NJ},
  PUBLISHER      = {Erlbaum},
  DATE           = {1988},
  RELATED        = {mcppiaget},
  RELATEDTYPE    = {reprintfrom}
}

@INCOLLECTION{mcppiaget,
  EDITOR      = {P. H. Mussen},
  TITLE       = {Manual of Child Psychology},
  DATE        = {1970},
  LOCATION    = {New York, NY},
  PUBLISHER   = {Wiley},
  PAGES       = {703--732}
}

% (APA 7.02 Example 27)
@BOOK{7.02:27,
  EDITOR         = {G. R. VandenBos},
  TITLE          = {{APA} Dictionary of Psychology},
  LOCATION       = {Washington, DC},
  PUBLISHER      = {American Psychological Association},
  DATE           = {2007},
}

% (APA 7.02 Example 28)
@BOOK{7.02:28,
  AUTHOR         = {{Real Academia Española}},
  ORIGTITLE      = {Diccionario de la lengua española},
  TITLE          = {Dictionary of the {S}panish Language},
  EDITION        = {22},
  LOCATION       = {Madrid, Spain},
  PUBLISHER      = {Author},
  DATE           = {2001},
}

% (APA 7.02 Example 29)
% If the EDITION field is not just an edition number like "2" or "4" (which
% will be turned into an ordinal like "2nd" or "4th" by the style automatically),
% then make the EDITION field the exact string you need.
@INBOOK{7.02:29,
  AUTHOR         = {G. Graham},
  EDITOR         = {E. N. Zalta},
  TITLE          = {Behaviourism},
  BOOKTITLE      = {The {S}tanford Encyclopedia of Philosophy},
  EDITION        = {Fall 2007 ed.},
  DATE           = {2005},
  URL            = {http://plato.stanford.edu/entries/behaviourism/}
}

% (APA 7.02 Example 30)
@INBOOK{7.02:30,
  TITLE          = {Heuristic},
  BOOKTITLE      = {{M}erriam-{W}ebster's Online Dictionary},
  EDITION        = {11},
  URL            = {http://www.m-w.com/dicitonary/heuristic}
}

% (APA 7.03 Example 31)
% NUMBER contains report number, "No." is added automatically and TYPE contains the
% report type
@REPORT{7.03:31,
  AUTHOR         = {{U.S. Department of Health and Human Services, National Institutes of Health, National Heart, Lung and Blood Institute}},
  TITLE          = {Managing Asthma},
  SUBTITLE       = {A Guide for Schools},
  TYPE           = {NIH Publication},
  NUMBER         = {02-2650},
  DATE           = {2003},
  URL            = {http://www.nhlbi.nih.gov/health/prof/lung/asthma/asth_sch.pdf}
}

% (APA 7.03 Example 32)
@REPORT{7.03:32,
  AUTHOR         = {{American Psychological Association, Task Force on the Sexualization of Girls}},
  TITLE          = {Report of the {APA} {T}ask {F}orce on the {S}exualization of {G}irls},
  DATE           = {2007},
  URL            = {http://www.apa.org/pi/wpo/sexualization.html}
}

% (APA 7.03 Example 33)
% Use URLDESCRIPTION to introduce website address; defaults to just "Retreived from"
% if not present
@REPORT{7.03:33,
  AUTHOR         = {S. S. A. Kessy and F. M. Urio},
  TITLE          = {The Contribution of Microfinance Institutions to Poverty Reduction in {T}anzania},
  TYPE           = {Research Report},
  NUMBER         = {06.3},
  DATE           = {2006},
  URLDESCRIPTION = {Research on Poverty Alleviation website},
  URL            = {http://www.repoa.or.tz/documents_storage/Publications/Reports/06.3_Kessey_and_Urio.pdf}
}

% (APA 7.03 Example 34)
% This example is an anomaly as it doesnt' have "No." before the report number.
% This style does this consistently for all reports with numbers
@REPORT{7.03:34,
  AUTHOR         = {J. E. McDaniel and C. G. Miskel},
  TITLE          = {The Effect of Groups and Individuals on National Decisionmaking},
  SUBTITLE       = {Influence and Domination in the Reading Policymaking Environment},
  TYPE           = {CIERA Report},
  NUMBER         = {3-025},
  DATE           = {2002},
  URLDESCRIPTION = {University of Michigan, Center for Improvement of Early Reading Achievement website},
  URL            = {http://www.ciera.org/library/reports/inquiry-3/3-025/3-025.pdf}
}

% (APA 7.03 Example 35)
@TECHREPORT{7.03:35,
  AUTHOR         = {{Employee Benefit Research Institute}},
  TITLE          = {Sources of health Insurance and Characteristics of the Uninsured},
  TYPE           = {Issue Brief},
  NUMBER         = {123},
  DATE           = {1992-02},
  LOCATION       = {Washington, DC},
  PUBLISHER      = {Author}
}

% (APA 7.04 Example 36)
@INPROCEEDINGS{7.04:36,
  AUTHOR         = {J. Muellbauer},
  TITLE          = {Housing, Credit and Consumer Expenditure},
  EDITORA        = {S. C. Ludvigson},
  EDITORATYPE    = {chair},
  BOOKTITLE      = {Housing and Consumer Behaviour},
  EVENTTITLE     = {Symposium Conducted at the Meeting of the {F}ederal {R}eserve {B}ank of {K}ansas {C}ity},
  LOCATION       = {Jackson Hole, WY},
  DATE           = {2007-09}
}

% (APA 7.04 Example 37)
% Unpublished conference papers are UNPUBLISHED type
@UNPUBLISHED{7.04:37,
  AUTHOR         = {S. Liu},
  TITLE          = {Defending Against Business Crises with the Help of Inteligent Agent Based Early Warning Solutions},
  DATE           = {2005-05},
  LOCATION       = {Miami, FL},
  NOTE           = {Paper presented at the Seventh International Conferene on Enterprise Information Systems},
  ABSTRACTURL    = {http://www.iceis.org/iceis2005/abstracts_2005.htm}
}

% (APA 7.04 Example 38)
@PROCEEDINGS{7.04:38,
  AUTHOR         = {S. Herculano-Houzel and C. E. Collins and P. Wong and J. H. Kaas and R. Lent},
  TITLE          = {The Basic Nonuniformity of the Cerebral Cortex},
  BOOKTITLE      = {Proceedings of the {N}ational {A}cademy of {S}ciences, {USA}},
  VOLUME         = {105},
  PAGES          = {12593--12598},
  DATE           = {2008},
  DOI            = {10.1073/pnas.0805417105}
}

% (APA 7.04 Example 39)
% Note that there is a LOCATION and PUBLISHER but these are ignored because
% there is a DOI. This is inconsistent in the 2nd printing of 6th Edition
% but is clear from the example formats at the beginning of 7.02
@INPROCEEDINGS{7.04:39,
  AUTHOR         = {I. Katz and K. Gabayan and H. Aghajan},
  TITLE          = {A Multi-touch Surface Using Multiple Cameras},
  EDITOR         = {J. Blanc-Talon and W. Philips and D. Popescu and P. Scheunders},
  MAINTITLE      = {Lecture {N}otes in {C}omputer {S}cience},
  VOLUME         = {4678},
  BOOKTITLE      = {Advanced {C}oncepts for {I}ntelligent {V}ision {S}ystems},
  PAGES          = {97--108},
  LOCATION       = {Berlin, Germany},
  PUBLISHER      = {Springer-Verlag},
  DATE           = {2007},
  DOI            = {10.1007/978-3-540-74607-2_9}
}

% (APA 7.05 Example 40)
% The PHDTHESIS and MASTERSTHESIS are the same as THESIS but they supply a default
% TYPE field automatically
@MASTERSTHESIS{7.05:40,
  AUTHOR         = {D. S. McNiel},
  TITLE          = {Meaning Through Narrative},
  SUBTITLE       = {A Personal Narrative Discussing Growing Up with an Alchoholic Mother},
  DATE           = {2006},
  NOTE           = {Available from ProQuest Dissertations and Theses database},
  ADDENDUM       = {UMI No. 1434728}
}

% (APA 7.05 Example 41)
@PHDTHESIS{7.05:41,
  AUTHOR         = {R. J. Adams},
  TITLE          = {Building a Foundation for Evaluation of Instruction in Higher Education and Continuing Education},
  DATE           = {1973},
  URL            = {http://www.ohiolink.edu/etd/}
}

% (APA 7.05 Example 42)
@PHDTHESIS{7.05:42,
  AUTHOR         = {A. Bruckman},
  TITLE          = {{MOOSE Crossing}},
  SUBTITLE       = {Construction, Community, and Learning in a Networked Virtual World for Kids},
  INSTITUTION    = {Massachusetts Institute of Technology},
  DATE           = {1977},
  URL            = {http://www-static.cc.gatech.edu/~asb/thesis/}
}

% (APA 7.05 Example 43)
% This example formats naturally as an article as it has VOLUME, NUMBER etc.
@ARTICLE{7.05:43,
  AUTHOR         = {L. G. Appelbaum},
  JOURNALTITLE   = {Dissertation Abstracts International: Section B. Sciences and Engineering},
  TITLE          = {Three Studies of Human Information Processing},
  SUBTITLE       = {Texture Amplification, Motion Representation, and Figure-Ground Segregation},
  VOLUME         = {65},
  NUMBER         = {10},
  DATE           = {2005},
  PAGES          = {5428}
}

% (APA 7.05 Example 44)
% Note we're overriding TYPE here which is usually automatically set for PHDTHESIS since,
% for some reason, this entry has "Doctoral thesis" instead of the usual "Doctoral
% dissertation"
@PHDTHESIS{7.05:44,
  AUTHOR         = {P. Carlbom},
  TITLE          = {Carbody and Passengers in Rail Vehicle Dynamics},
  TYPE           = {Doctoral thesis},
  INSTITUTION    = {Royal Institute of Technology, Stockholm},
  LOCATION       = {Sweden},
  DATE           = {2000},
  URL            = {http://urn.kb.se/resolve?urn=urn:nbn:se:kth:diva-3029}
}

% (APA 7.06 Example 45)
% Note how this is handled by the biblatex/biber "related entries" functionality
% We have included the year in the reviewed item for consistency, as per 7.06:46
% The comma after the reviewed title is ommited for consistency, as per 7.06:48
@REVIEW{7.06:45,
  AUTHOR         = {B. R. Schatz},
  TITLE          = {Learning By Text or Context?},
  REVIEWTEXT     = {the book},
  RELATED        = {brdu},
  RELATEDTYPE    = {reviewof},
  RELATEDSTRING  = {Review of the book},
  JOURNALTITLE   = {Science},
  VOLUME         = {290},
  PAGES          = {1304},
  DATE           = {2000-11-17},
  DOI            = {10.1126/science.290.5495.1304},
}

@BOOK{brdu,
  AUTHOR     = {John Seely Brown and Paul Duguid},
  TITLE      = {The Social Life of Information},
  DATE       = {2000},
  PUBLISHER  = {Harvard Business School Press}
}

% (APA 7.06 Example 46)
% Note that this example drops the "produced" in the reviewed item. It's not worth
% automating this sort of verb as "by" is perfectly acceptable.
@REVIEW{7.06:46,
  AUTHOR         = {A. Axelman and J. L. Shapiro},
  TITLE          = {Does the Solution Warrant the Problem?},
  RELATED        = {apavid},
  RELATEDTYPE    = {reviewof},
  RELATEDSTRING  = {Review of the {DVD}},
  JOURNALTITLE   = {PsycCRITIQUES},
  VOLUME         = {52},
  NUMBER         = {51},
  DATE           = {2007},
  DOI            = {10.1037/a0009036}
}

@VIDEO{apavid,
  PRODUCER   = {{the American Psychological Association}},
  TITLE      = {Brief Therapy With Adolescents},
  DATE       = {2007}
}

% (APA 7.06 Example 47)
% Again we drop the "produced" as with Example 46
@REVIEW{7.06:47,
  RELATED        = {bioshock},
  RELATEDTYPE    = {reviewof},
  RELATEDSTRING  = {Review of the video game},
  URL            = {http://www.whattheyplay.com/products/bioshock-for-xbox-360/?fm=3&ob=1&t=0#166},
}

@SOFTWARE{bioshock,
  AUTHOR         = {{2K Games}},
  ENTRYSUBTYPE   = {Computer Game},
  TITLE          = {Bio{S}hock},
  DATE           = {2007}
}

% (APA 7.06 Example 48)
@REVIEW{7.06:48,
  AUTHOR         = {K. S. Wolf},
  TITLE          = {The Future for {D}eaf Individuals is Not That Bleak},
  RELATED        = {deaf},
  RELATEDTYPE    = {reviewof},
  RELATEDSTRING  = {Peer commentary on the paper},
  DATE           = {2005},
  URL            = {http://www.personalityresearch.org/papers/hal.htm#wolf}
}

@ARTICLE{deaf,
  AUTHOR         = {K. S. Wolf},
  TITLE          = {``{D}ecrease of {D}eaf potential in a mainstreamed environment''},
  JOURNALTITLE   = {Some Journal},
  VOLUME         = {2},
  NUMBER         = {1},
  PAGES          = {1--10},
  DATE           = {2003},
}

% (APA 7.07 Example 49)
% The "Available from" string is conditionalised by testing for "{DVD}" as
% the ENTRYSUBTYPE. A bit hacky but an edge case anyway.
% 3nd printing is incorrect as it has a period before the "(Producer)"
@VIDEO{7.07:49,
  ENTRYSUBTYPE   = {{DVD}},
  PRODUCER       = {{American Psychological Association}},
  TITLE          = {Responding Therapeutically to Patient Expressions of Sexual Attraction},
  DATE           = {2000},
  URL            = {http://www.apa.org/videos/}
}

% (APA 7.07 Example 50)
@AUDIO{7.07:50,
  ENTRYSUBTYPE   = {Audio podcast},
  PRODUCER       = {D. {Van Nuys}},
  TITLE          = {Shrink Rap Radio},
  DATE           = {2007-12-19},
  URL            = {http://www.shrinkrapradio.com/}
}

% (APA 7.07 Example 51)
@VIDEO{7.07:51,
  ENTRYSUBTYPE   = {Television series episode},
  WRITER         = {D. Egan},
  DIRECTOR       = {J. Alexander},
  EXECPRODUCER   = {D. Shore},
  TITLE          = {Failure to Communicate},
  MAINTITLE      = {House},
  LOCATION       = {New York, NY},
  PUBLISHER      = {Fox Broadcasting},
  DATE           = {2005},
}

% (APA 7.07 Example 52)
% Note use of SORTKEY to make sorting ignore the lower case AUTHOR
@MUSIC{7.07:52,
  SORTKEY        = {Lang, K. D.},
  ENTRYSUBTYPE   = {{CD}},
  AUTHOR         = {{lang}, {k} {d}},
  TITLE          = {Shadow and the Frame},
  MAINTITLE      = {Watershed},
  MAINTITLEADDON = {{CD}},
  LOCATION       = {New York, NY},
  PUBLISHER      = {Nonesuch Records},
  DATE           = {2008},
}

% (APA 7.07 Example 53)
@MISC{7.07:53,
  AUTHOR         = {{Lewis County Geographic Information Services}},
  NAMEADDON      = {Cartographer},
  TITLE          = {Population Density, 2000 {U}.{S}. {C}ensus},
  ENTRYSUBTYPE   = {Demographic map},
  DATE           = {2002},
  URL            = {http://www.co.lewis.wa.us/publicworks/maps/Demographics/census-pop-dens_2000.pdf}
}

% (APA 7.08 Example 54)
@DATA{7.08:54,
  ENTRYSUBTYPE   = {Data file and code book},
  AUTHOR         = {{Pew Hispanic Center}},
  TITLE          = {Changing Channels and Crisscrossing Cultures},
  SUBTITLE       = {A Survey of {L}atinos on the News Media},
  DATE           = {2004},
  URL            = {http://pewhispanic.org/datasets/}
}

% (APA 7.08 Example 55)
@MISC{7.08:55,
  AUTHOR         = {M. L. Friedlander and V. Escudero and L. Heatherington},
  TITLE          = {{E-SOFTA}},
  SUBTITLE       = {System for Observing Family Therapy Alliances},
  ENTRYSUBTYPE   = {Software and training videos},
  DATE           = {2002},
  NOTE           = {Unpublished instrument},
  URL            = {http://www.softa-soatif.com/}
}

% (APA 7.08 Example 56)
@SOFTWARE{7.08:56,
  TITLE          = {Comprehensive {M}eta-{A}nalysis},
  TITLEADDON     = {Computer software},
  VERSION        = {2},
  LOCATION       = {Englewood, NJ},
  PUBLISHER      = {Biostat}
}

% (APA 7.08 Example 57)
@MISC{7.08:57,
  TITLE          = {{Eyelink II}},
  ENTRYSUBTYPE   = {Apparatus and software},
  LOCATION       = {Mississauga, Ontario, Canada},
  PUBLISHER      = {SR Research},
  DATE           = {2004},
}

% (APA 7.09 Example 58)
@UNPUBLISHED{7.09:58,
  AUTHOR         = {E. Blackwell and P. J. Conrod},
  TITLE          = {A Five-Dimensional Measure of Drinking Motives},
  HOWPUBLISHED   = {Unpublished manuscript},
  INSTITUTION    = {Department of Psychology, University of British Columbia},
  LOCATION       = {Vancouver, Canada},
  DATE           = {2003},
}

% (APA 7.09 Example 59)
@UNPUBLISHED{7.09:59,
  AUTHOR         = {J. Y. Ting and P. Florsheim and W. Huang},
  TITLE          = {Mental Health Help-Seeking in Ethnic Minority Populations},
  SUBTITLE       = {A Theoretical Perspective},
  HOWPUBLISHED   = {Manuscript submitted for publication},
  DATE           = {2008},
}

% (APA 7.09 Example 60)
@DATA{7.09:60,
  AUTHOR         = {F. Bordi and J. E. LeDoux},
  ENTRYSUBTYPE   = {Auditory response latencies in rat auditory cortex},
  NOTE           = {Unpublished raw data},
  DATE           = {1993},
}

% (APA 7.09 Example 61)
@UNPUBLISHED{7.09:61a,
  AUTHOR         = {S. D. Mitchell},
  TITLE          = {The Import of Uncertainty},
  DATE           = {2000},
  URL            = {http://philsci-archive.pitt.edu/archive/00000162/}
}

@ARTICLE{7.09:61b,
  AUTHOR         = {S. D. Mitchell},
  TITLE          = {The Import of Uncertainty},
  JOURNALTITLE   = {The Pluralist},
  VOLUME         = {2},
  NUMBER         = {1},
  PAGES          = {58--71},
  DATE           = {2007},
}

% (APA 7.09 Example 62)
% "eric" is defined as a recognised eprint type in the style and will be formatted as a
% localised version of "Retrieved from ERIC database (<eprintid>)"
@UNPUBLISHED{7.09:62,
  AUTHOR         = {K. Kubota},
  TITLE          = {``{S}oaking'' Model for Learning},
  SUBTITLE       = {Analyzing {J}apanese Learning/Teaching Process from a Socio-Historical Perspective},
  DATE           = {2007},
  EPRINTTYPE     = {eric},
  EPRINT         = {ED498566}
}

% (APA 7.10 Example 63)
@LETTER{7.10:63,
  AUTHOR         = {L. K. Frank},
  TITLE          = {Letter to {R}obert {M}. {O}gden},
  INSTITUTION    = {Rockerfeller Archive Center},
  NUMBER         = {GEB series 1.3, Box 371, Folder 3877},
  LOCATION       = {Tarrytown, NY},
  DATE           = {1935-02-04},
}

% (APA 7.10 Example 64)
@LETTER{7.10:64,
  AUTHOR         = {G. P. Zacharius},
  TITLE          = {Letter to {W}illiam {R}ickel ({W}. {R}ickel, {T}rans.)},
  DATE           = {1953-08-15},
  NOTE           = {Copy in possession of Hendrika Vande Kemp}
}

% (APA 7.10 Example 65)
% Entrytype is "LETTERS" (plural) for a collection of letters
@LETTERS{7.10:65,
  AUTHOR         = {G. W. Allport},
  TITLE          = {Correspondence},
  DATE           = {1930/1967},
  INSTITUTION    = {Gordon W. Allport Papers},
  NUMBER         = {HUG 4118.10},
  LOCATION       = {{Harvard University Archives, Cambridge}, MA},
}

% (APA 7.10 Example 66)
@UNPUBLISHED{7.10:66,
  AUTHOR         = {A. Berliner},
  TITLE          = {Notes for a Lecture on Reminiscences of {W}undt and {L}epizig},
  DATE           = {1959},
  HOWPUBLISHED   = {Anna Berliner Memoirs (Box M50)},
  LOCATION       = {{Archives of the History of American Psychology, University of Akron, Akron}, OH}
}

% (APA 7.10 Example 67)
% biblatex 3.4+ supports data annotations which can be use to deal with uncertain authors
% biblatex 3.5+ supports uncertainty marker for dates
@UNPUBLISHED{7.10:67,
  AUTHOR         = {A. Allport},
  AUTHOR+an      = {=uncertain},
  TITLE          = {Marion {T}aylor Today---By the Biographer},
  DATE           = {1937~},
  HOWPUBLISHED   = {Unpublished manuscript, Marion Taylor Papers},
  LOCATION       = {{Schlesinger Library, Radcliffe College, Cambridge}, MA}
}

% (APA 7.10 Example 68)
@MISC{7.10:68,
  AUTHOR         = {{Subcommitee on Mental Hygiene Personnel in School Programs}},
  TITLE          = {{Meeting of Subcommittee on Mental Hygiene Personnel in School Programs}},
  HOWPUBLISHED   = {David Shakow Papers (M1360)},
  INSTITUTION    = {Archives of the History of American Psychology},
  LOCATION       = {University of Akron, Akron, OH},
  DATE           = {1949-11-05/1949-11-06}
}

% (APA 7.10 Example 69)
@MISC{7.10:69,
  AUTHOR         = {M. B. Smith},
  TITLE          = {Interview by {C}. {A}. {K}iesler},
  ENTRYSUBTYPE   = {Tape recording},
  HOWPUBLISHED   = {President's Oral History Project, American Psychological Association},
  LOCATION       = {APA Archives, Washington, DC},
  DATE           = {1989-08-12},
}

% (APA 7.10 Example 70)
% Note that this example is inconsistent in the APA 6th Edition (2nd printing) manual
% with example 7.10:69. They differ in that 7.10:69 has a period before the location
% and 7.10:70 has a comma. I have chosen a period for consistency.
@UNPUBLISHED{7.10:70,
  AUTHOR         = {C. F. Sparkman},
  TITLE          = {An Oral History with {D}r. {C}olley {F}. {S}parkman/{I}nterviewer: {O}rley {B}. {C}audill},
  HOWPUBLISHED   = {Mississippi Oral History Program (Vol. 289)},
  INSTITUTION    = {University of Southern Mississippi},
  LOCATION       = {Hattiesburg},
  DATE           = {1973}
}

% (APA 7.10 Example 71)
% If no normal paper citation, use ENTRYSUBTYPE to say what this NEWSARTICLE is
@NEWSARTICLE{7.10:71,
  TITLE          = {Psychoanalysis Institute to Open},
  DATE           = {1948-09-18},
  ENTRYSUBTYPE   = {Clipping from an unidentified Dayton, OH newspaper},
  NOTE           = {Copy in possession of author}
}

% (APA 7.10 Example 72)
@UNPUBLISHED{7.10:72,
  AUTHOR         = {{Sci-Art Publishers}},
  TITLE          = {Sci-{A}rt {P}ublications},
  TITLEADDON     = {Brochure},
  HOWPUBLISHED   = {Cambridge, MA: Author. A. A. Roback Papers (HUGFP 104.50, Box 2, Folder ``Miscellaneous Psychological Materials'')},
  LOCATION       = {Harvard University Archives, Cambridge, MA},
  DATE           = {1935}
}

% (APA 7.10 Example 73)
% biblatex 3.5+ supports ISO8601 circa markers in dates
% Note that this example is inconsistent in the APA 6th Edition (2nd printing) manual
% with example 7.10:67. They differ in that 7.10:67 has brackets around the approximate
% date and 7.10:73 has parenthesis. I have chosen brackets for consistency.
% Use TITLEISDESCRIPTION to indicate a title that is really a description and not a real
% title
@MISC{7.10:73,
  TITLEISDESCRIPTION = {true},
  TITLE          = {{Photographs of Robert M. Yerkes}},
  DATE           = {1917~/1954},
  HOWPUBLISHED   = {Robert Mearns Yerkes Papers (Box 137, Folder 2292)},
  LOCATION       = {{Manuscripts and Archives, Yale University Library, New Haven}, CT}
}

% (APA 7.11 Example 74)
@ONLINE{7.11:74,
  ENTRYSUBTYPE   = {Online forum comment},
  AUTHOR         = {T. Rampersad},
  TITLE          = {Re: {T}raditional Knowledge and Traditional Cultural Expressions},
  DATE           = {2005-06-08},
  URL            = {http://www.wipo.int/roller/comments/ipisforum/Weblog/theme_eight_how_can_cultural#comments},
}

% (APA 7.11 Example 75)
@ONLINE{7.11:75,
  ENTRYSUBTYPE   = {Electronic mailing list message},
  AUTHOR         = {S. Smith},
  TITLE          = {Re: Disputed Estimates of {IQ}},
  DATE           = {2006-01-05},
  URL            = {http://tech.groups.yahoo.com/group/ForensicNetwork/message/670},
}

% (APA 7.11 Example 76)
@ONLINE{7.11:76a,
  ENTRYSUBTYPE   = {Web log post},
  AUTHOR         = {{PZ Myers}},
  TITLE          = {The Unfortunate Prerequisites and Consequences of Partitioning Your Mind},
  DATE           = {2007-01-22},
  URL            = {http://scienceblogs.com/pharyngula/2007/01/the_unfortunate_prerequisites.php},
}

@ONLINE{7.11:76b,
  ENTRYSUBTYPE   = {Web log comment},
  AUTHOR         = {MiddleKid},
  TITLE          = {Re: {T}he Unfortunate Prerequisites and Consequences of Partitioning Your Mind},
  DATE           = {2007-01-22},
  URL            = {http://scienceblogs.com/pharyngula/2007/01/the_unfortunate_prerequisites.php},
}

% (APA 7.11 Example 77)
@ONLINE{7.11:77,
  ENTRYSUBTYPE   = {Video file},
  AUTHOR         = {R. Norton},
  TITLE          = {How to Train a Cat to Operate a Light Switch},
  DATE           = {2006-11-04},
  URL            = {http://www.youtube.com/watch?v=Vja83KLQXZs},
}

% (APA A7.07)
@PATENT{A7.07,
  AUTHOR         = {I. M. Smith},
  TITLE          = {{U}.{S}. {P}atent {N}o. 123,445},
  DATE           = {1998},
  LOCATION       = {Washington, DC},
  PUBLISHER      = {U.S. Patent and Trademark Office}
}

% APA 6th doesn't have any extended date format examples.
% Also test order of inpress and nodate, see
% http://blog.apastyle.org/apastyle/2013/01/alphabetizing-in-press-and-no-date-references.html
@ONLINE{habitat1,
    TITLE = {Mission, Vision \& Values},
    URL = {http://www.tchabitat.org/missionvisionvalues},
    ORGANIZATION = {Twin Cities Habitat for Humanity website},
    URLDATE = {2011-09-15}
}

@ONLINE{habitat2,
    TITLE = {Mission, Vision \& Values},
    DATE = {2011},
    URL = {http://www.tchabitat.org/missionvisionvalues},
    ORGANIZATION = {Twin Cities Habitat for Humanity website},
    URLDATE = {2011-09}
}

@ONLINE{habitat3,
    TITLE = {Mission, Vision \& Values},
    DATE = {2012},
    URL = {http://www.tchabitat.org/missionvisionvalues},
    ORGANIZATION = {Twin Cities Habitat for Humanity website},
    URLDATE = {2012}
}

@ONLINE{habitat4,
    TITLE = {Mission, Vision \& Values},
    PUBSTATE       = {inpress},
    URL = {http://www.tchabitat.org/missionvisionvalues},
    ORGANIZATION = {Twin Cities Habitat for Humanity website},
    URLDATE = {2011-09-15}
}

@INPROCEEDINGS{proc1,
  AUTHOR = {Anon, A. N.},
  TITLE = {A very interesting paper},
  BOOKTITLE = {Proc. {UKACC} International Conference on Control},
  DATE = {2010-09},
  EVENTDATE = {2010-09-07/2010-09-10},
  LOCATION = {Coventry},
  PAGES = {1--3}
}
